<?xml version="1.0" encoding="UTF-8"?>
<collection xmlns:xsi="http://www.w3.org/2001/XMLSchema-instance" xsi:schemaLocation="http://www.loc.gov/MARC21/slim http://www.loc.gov/standards/marcxml/schema/MARC21slim.xsd" xmlns="http://www.loc.gov/MARC21/slim">
<record>
  <leader>01883cam a22004091a 4500</leader>
  <controlfield tag="001">661188</controlfield>
  <controlfield tag="003">NNC</controlfield>
  <controlfield tag="005">20100309180016.0</controlfield>
  <controlfield tag="008">860828s1979    ir       b    00110 ara d</controlfield>
  <datafield tag="035" ind1=" " ind2=" ">
    <subfield code="a">(OCoLC)17382107</subfield>
  </datafield>
  <datafield tag="035" ind1=" " ind2=" ">
    <subfield code="a">(OCoLC)ocm17382107</subfield>
  </datafield>
  <datafield tag="035" ind1=" " ind2=" ">
    <subfield code="a">(CStRLIN)NYCG88-B47255</subfield>
  </datafield>
  <datafield tag="035" ind1=" " ind2=" ">
    <subfield code="9">ACW9109CU</subfield>
  </datafield>
  <datafield tag="035" ind1=" " ind2=" ">
    <subfield code="a">(NNC)661188</subfield>
  </datafield>
  <datafield tag="040" ind1=" " ind2=" ">
    <subfield code="a">NjP</subfield>
    <subfield code="c">NjP</subfield>
    <subfield code="d">UkOxU</subfield>
  </datafield>
  <datafield tag="041" ind1="0" ind2=" ">
    <subfield code="a">araper</subfield>
  </datafield>
  <datafield tag="066" ind1=" " ind2=" ">
    <subfield code="c">(3</subfield>
    <subfield code="c">(4</subfield>
  </datafield>
  <datafield tag="090" ind1=" " ind2=" ">
    <subfield code="a">BP188.9</subfield>
    <subfield code="b">.A38 1979</subfield>
    <subfield code="!">PAUG</subfield>
  </datafield>
  <datafield tag="090" ind1=" " ind2=" ">
    <subfield code="a">BP188.9</subfield>
    <subfield code="b">.A38</subfield>
    <subfield code="!">NJPG</subfield>
  </datafield>
  <datafield tag="100" ind1="1" ind2=" ">
    <subfield code="6">880-01</subfield>
    <subfield code="a">Aharī, ʻAbd al-Qādir ibn Ḥamzah ibn Yāqūt,</subfield>
    <subfield code="d">d. 1259.</subfield>
  </datafield>
  <datafield tag="245" ind1="1" ind2="3">
    <subfield code="6">880-02</subfield>
    <subfield code="a">al-Aqṭāb al-quṭbīyah, aw, al-Bulghah fī al-ḥikmah /</subfield>
    <subfield code="c">ʻAbd al-Qādir ibn Ḥamzah ibn Yāqūt al-Aharī ; bā muqaddamah va taṣḥīḥ, Muḥammad Taqī Dānishʹpazhūh.</subfield>
  </datafield>
  <datafield tag="246" ind1="1" ind2="3">
    <subfield code="a">Bulghah fī al-ḥikmah</subfield>
  </datafield>
  <datafield tag="260" ind1=" " ind2=" ">
    <subfield code="6">880-03</subfield>
    <subfield code="a">Tihrān :</subfield>
    <subfield code="b">Anjuman-i Falsafah-ʾi Īrān,</subfield>
    <subfield code="c">1358 [1979]</subfield>
  </datafield>
  <datafield tag="300" ind1=" " ind2=" ">
    <subfield code="a">5, 19, 272 p. ;</subfield>
    <subfield code="c">24 cm.</subfield>
  </datafield>
  <datafield tag="440" ind1=" " ind2="0">
    <subfield code="6">880-04</subfield>
    <subfield code="a">Intishārāt-i Anjuman-i Falsafah-ʾi Īrān ;</subfield>
    <subfield code="v">45</subfield>
  </datafield>
  <datafield tag="546" ind1=" " ind2=" ">
    <subfield code="a">Text in Arabic; introd. in Persian.</subfield>
  </datafield>
  <datafield tag="650" ind1=" " ind2="0">
    <subfield code="a">Sufism</subfield>
    <subfield code="v">Early works to 1800.</subfield>
  </datafield>
  <datafield tag="700" ind1="1" ind2=" ">
    <subfield code="6">880-05</subfield>
    <subfield code="a">Dānishʹpazhūh, Muḥammad Taqī.</subfield>
  </datafield>
  <datafield tag="880" ind1="1" ind2=" ">
    <subfield code="6">100-01/(3/r</subfield>
    <subfield code="a">أهري، عبد القادر بن حمزة بن ياقوت.</subfield>
  </datafield>
  <datafield tag="880" ind1="1" ind2="2">
    <subfield code="6">245-02/(3/r</subfield>
    <subfield code="a">الأقطاب القطبية، أو، البلغة في الحکمة /</subfield>
    <subfield code="c">عبد القادر بن حمزة بن ياقوت الأهري ؛ با مقدمه وتصحيح محمد تقي دانش پژوه.</subfield>
  </datafield>
  <datafield tag="880" ind1=" " ind2=" ">
    <subfield code="6">260-03/(3/r</subfield>
    <subfield code="a">تهران :</subfield>
    <subfield code="b">انجمن فلسفۀ ايران،</subfield>
    <subfield code="c">٨٥٣١.</subfield>
  </datafield>
  <datafield tag="880" ind1=" " ind2="0">
    <subfield code="6">440-04/(3/r</subfield>
    <subfield code="a">انتشارات انجمن فلسفۀ ايران ؛</subfield>
    <subfield code="v">٥٤</subfield>
  </datafield>
  <datafield tag="880" ind1="1" ind2=" ">
    <subfield code="6">700-05/(3/r</subfield>
    <subfield code="a">دانش پژوه، محمد تقى.</subfield>
  </datafield>
  <datafield tag="955" ind1=" " ind2=" ">
    <subfield code="b">CU59582081</subfield>
    <subfield code="d">off,glx</subfield>
    <subfield code="e">ME07543</subfield>
  </datafield>
</record>
</collection>